@InBook{emmelmann-92
	,author={Emmelmann, H.}
	,key={E92}
	,title={Testing completeness of code selector specifications}
	,booktitle={{LNCS} 641, Compiler Construction}
	,pages={163-175}
	,publisher={Springer-Verlag}
	,year={1992}
}

@InProceedings{fraser-hanson-proebsting-92
	,author={Fraser, C. W. and Hanson, D. R. and Proebsting, T. A.}
	,key={FHP92}
	,title={Engineering a simple, efficient code generator generator}
	,organization={ACM}
	,booktitle={Letters on Programming Languages and Systems}
	,year={1992}
}

@Article{balachandran-dhamdhere-biswas-90
	,author={Balachandran, A. and Dhamdhere, D. M. and Biswas, S.}
	,key={BDB90}
	,title={Efficient retargetable code generation using bottom-up tree pattern matching}
	,journal={Computer Languages}
	,volume={15(3)}
	,pages={127-140}
	,year={1990}
}

@InProceedings{proebsting-pldi92
	,author={Proebsting, T. A.}
	,key={P92}
	,title={Simple and Efficient BURS Table Generation}
	,organization={ACM}
	,booktitle={{SIGPLAN} '92 Conf. on Programming Language Design and Implementation}
	,pages={331-340}
	,month={June}
	,year={1992}
}
