%% This BibTeX bibliography file was created using BibDesk.
%% http://bibdesk.sourceforge.net/


%% Created for George Kuan at 2010-05-14 10:03:48 -0500 


%% Saved with string encoding Unicode (UTF-8) 



@book{okasaki,
	Author = {Chris Okasaki},
	Date-Added = {2010-05-14 10:02:27 -0500},
	Date-Modified = {2010-05-14 10:03:41 -0500},
	Publisher = {Cambridge University Press},
	Title = {Purely Functional Data Structures},
	Year = {1998}}

@inproceedings{mitchellplotkin:popl85,
	Address = {New York, NY, USA},
	Author = {Mitchell, John C. and Plotkin, Gordon D.},
	Booktitle = {POPL '85: Proceedings of the 12th ACM SIGACT-SIGPLAN symposium on Principles of programming languages},
	Date-Added = {2010-04-22 19:29:34 -0500},
	Date-Modified = {2010-04-22 19:29:42 -0500},
	Doi = {http://doi.acm.org/10.1145/318593.318606},
	Isbn = {0-89791-147-4},
	Location = {New Orleans, Louisiana, United States},
	Pages = {37--51},
	Publisher = {ACM},
	Title = {Abstract types have existential types},
	Year = {1985},
	Bdsk-Url-1 = {http://doi.acm.org/10.1145/318593.318606}}

@article{mitchellplotkin:toplas88,
	Address = {New York, NY, USA},
	Author = {Mitchell, John C. and Plotkin, Gordon D.},
	Date-Added = {2010-04-22 19:21:49 -0500},
	Date-Modified = {2010-04-22 19:22:03 -0500},
	Doi = {http://doi.acm.org/10.1145/44501.45065},
	Issn = {0164-0925},
	Journal = {ACM Trans. Program. Lang. Syst.},
	Number = {3},
	Pages = {470--502},
	Publisher = {ACM},
	Title = {Abstract types have existential type},
	Volume = {10},
	Year = {1988},
	Bdsk-Url-1 = {http://doi.acm.org/10.1145/44501.45065}}

@proceedings{DBLP:conf/esop/2007,
	Bibsource = {DBLP, http://dblp.uni-trier.de},
	Booktitle = {ESOP},
	Date-Added = {2010-04-22 18:55:38 -0500},
	Date-Modified = {2010-04-22 18:55:38 -0500},
	Editor = {Rocco De Nicola},
	Isbn = {978-3-540-71314-2},
	Publisher = {Springer},
	Series = {Lecture Notes in Computer Science},
	Title = {Programming Languages and Systems, 16th European Symposium on Programming, ESOP 2007, Held as Part of the Joint European Conferences on Theory and Practics of Software, ETAPS 2007, Braga, Portugal, March 24 - April 1, 2007, Proceedings},
	Volume = {4421},
	Year = {2007}}

@inproceedings{dreyerblume:esop07,
	Author = {Derek Dreyer and Matthias Blume},
	Bibsource = {DBLP, http://dblp.uni-trier.de},
	Booktitle = {Programming Languages and Systems, 16th European Symposium on Programming, ESOP 2007, Held as Part of the Joint European Conferences on Theory and Practics of Software, ETAPS 2007, Braga, Portugal, March 24 - April 1, 2007, Proceedings},
	Date-Added = {2010-04-22 18:44:58 -0500},
	Date-Modified = {2010-04-22 18:56:34 -0500},
	Editor = {Rocco De Nicola},
	Ee = {http://dx.doi.org/10.1007/978-3-540-71316-6_30},
	Pages = {441-457},
	Title = {Principal Type Schemes for Modular Programs},
	Year = {2007}}

@inproceedings{neis:icfp09,
	Address = {New York, NY, USA},
	Author = {Neis, Georg and Dreyer, Derek and Rossberg, Andreas},
	Booktitle = {ICFP '09: Proceedings of the 14th ACM SIGPLAN international conference on Functional programming},
	Date-Added = {2010-04-22 17:52:45 -0500},
	Date-Modified = {2010-04-22 17:52:53 -0500},
	Doi = {http://doi.acm.org/10.1145/1596550.1596572},
	Isbn = {978-1-60558-332-7},
	Location = {Edinburgh, Scotland},
	Pages = {135--148},
	Publisher = {ACM},
	Title = {Non-parametric parametricity},
	Year = {2009},
	Bdsk-Url-1 = {http://doi.acm.org/10.1145/1596550.1596572}}

@inbook{harperstone,
	Address = {Cambridge, MA, USA},
	Author = {Harper, Robert and Stone, Christopher},
	Book = {Proof, language, and interaction: essays in honour of Robin Milner},
	Date-Added = {2010-04-22 17:23:12 -0500},
	Date-Modified = {2010-04-22 17:47:20 -0500},
	Isbn = {0-262-16188-5},
	Pages = {341--387},
	Publisher = {MIT Press},
	Title = {A type-theoretic interpretation of {S}tandard {ML}},
	Year = {2000}}

@inproceedings{PattersonWegman,
	Address = {New York, NY, USA},
	Author = {Paterson, M. S. and Wegman, M. N.},
	Booktitle = {STOC '76: Proceedings of the 8th annual ACM Symposium on Theory of Computing},
	Date-Added = {2010-04-14 15:34:07 -0500},
	Date-Modified = {2010-04-14 15:34:07 -0500},
	Doi = {http://doi.acm.org/10.1145/800113.803646},
	Location = {Hershey, Pennsylvania, United States},
	Pages = {181--186},
	Publisher = {ACM},
	Title = {Linear unification},
	Year = {1976},
	Bdsk-Url-1 = {http://doi.acm.org/10.1145/800113.803646}}

@inproceedings{danvy:icfp08,
	Address = {New York, NY, USA},
	Author = {Danvy, Olivier},
	Booktitle = {ICFP '08: Proceeding of the 13th ACM SIGPLAN international conference on Functional programming},
	Date-Added = {2009-12-22 21:57:05 -0600},
	Date-Modified = {2009-12-22 21:57:13 -0600},
	Doi = {http://doi.acm.org/10.1145/1411204.1411206},
	Isbn = {978-1-59593-919-7},
	Location = {Victoria, BC, Canada},
	Pages = {131--142},
	Publisher = {ACM},
	Title = {Defunctionalized interpreters for programming languages},
	Year = {2008},
	Bdsk-Url-1 = {http://doi.acm.org/10.1145/1411204.1411206}}

@inproceedings{leijen:popl09,
	Address = {New York, NY, USA},
	Author = {Leijen, Daan},
	Booktitle = {POPL '09: Proceedings of the 36th annual ACM SIGPLAN-SIGACT symposium on Principles of programming languages},
	Date-Added = {2009-12-22 21:55:52 -0600},
	Date-Modified = {2009-12-22 21:56:01 -0600},
	Doi = {http://doi.acm.org/10.1145/1480881.1480891},
	Isbn = {978-1-60558-379-2},
	Location = {Savannah, GA, USA},
	Pages = {66--77},
	Publisher = {ACM},
	Title = {Flexible types: robust type inference for first-class polymorphism},
	Year = {2009},
	Bdsk-Url-1 = {http://doi.acm.org/10.1145/1480881.1480891}}

@inproceedings{regev:biocomputing01,
	Author = {Aviv Regev and William Silverman and Ehud Y. Shapiro},
	Bibsource = {DBLP, http://dblp.uni-trier.de},
	Booktitle = {Pacific Symposium on Biocomputing},
	Date-Added = {2009-12-20 18:04:43 -0600},
	Date-Modified = {2009-12-20 18:05:02 -0600},
	Ee = {http://helix-web.stanford.edu/psb01/regev.pdf},
	Pages = {459-470},
	Title = {Representation and Simulation of Biochemical Processes Using the pi-Calculus Process Algebra},
	Year = {2001}}

@inproceedings{kobayashi:lics97,
	Address = {Washington, DC, USA},
	Author = {Kobayashi, Naoki},
	Booktitle = {LICS '97: Proceedings of the 12th Annual IEEE Symposium on Logic in Computer Science},
	Date-Added = {2009-12-20 08:44:37 -0600},
	Date-Modified = {2009-12-20 08:44:48 -0600},
	Isbn = {0-8186-7925-5},
	Pages = {128},
	Publisher = {IEEE Computer Society},
	Title = {A Partially Deadlock-free Typed Process Calculus},
	Year = {1997}}

@inproceedings{StoyleHBSN05,
	Author = {Gareth Stoyle and Michael Hicks and Gavin Bierman and Peter Sewell and Iulian Neamtiu},
	Booktitle = {Proceedings of the {ACM} Conference on Principles of Programming Languages (POPL)},
	Date-Added = {2009-12-20 08:41:13 -0600},
	Date-Modified = {2009-12-20 08:41:13 -0600},
	Month = {January},
	Pages = {183--194},
	Title = {\emph{Mutatis Mutandis}: Safe and Flexible Dynamic Software Updating},
	Where = {Long Beach, California},
	Year = {2005}}

@article{StoyleHBSN06,
	Author = {Gareth Stoyle and Michael Hicks and Gavin Bierman and Peter Sewell and Iulian Neamtiu},
	Date-Added = {2009-12-20 08:40:36 -0600},
	Date-Modified = {2009-12-20 08:40:36 -0600},
	Journal = {{ACM} Transactions on Programming Languages and Systems (TOPLAS)},
	Month = AUG,
	Note = {Full version of POPL 05 paper},
	Number = 4,
	Title = {\emph{Mutatis Mutandis}: Safe and Flexible Dynamic Software Updating (full version)},
	Volume = 29,
	Year = 2007}

@inproceedings{wehr:aplas08,
	Author = {Stefan Wehr and Manuel M. T. Chakravarty},
	Bibsource = {DBLP, http://dblp.uni-trier.de},
	Booktitle = {APLAS},
	Date-Added = {2009-12-18 17:05:41 -0600},
	Date-Modified = {2009-12-18 17:10:52 -0600},
	Ee = {http://dx.doi.org/10.1007/978-3-540-89330-1_14},
	Pages = {188-204},
	Title = {{ML} Modules and {H}askell Type Classes: A Constructive Comparison},
	Year = {2008}}

@inproceedings{ellison-serbanuta-rosu-2008-wadt-b,
	Author = {Chucky Ellison and Traian Florin {\c S}erb{\u a}nu{\c t}{\u a} and Grigore Ro{\c s}u},
	Booktitle = {Recent Trends in Algebraic Development Techniques --- 19th International Workshop, WADT 2008, Pisa, Italy, June 13-16, 2008, Revised Selected Papers},
	Date-Added = {2009-12-18 16:50:12 -0600},
	Date-Modified = {2009-12-18 16:50:12 -0600},
	Pages = {135--151},
	Publisher = {Springer},
	Series = {Lecture Notes in Computer Science},
	Title = {A Rewriting Logic Approach to Type Inference},
	Volume = {5486},
	Year = {2009}}

@inproceedings{leroy:popl92,
	Address = {New York, NY, USA},
	Author = {Leroy, Xavier},
	Booktitle = {POPL '92: Proceedings of the 19th ACM SIGPLAN-SIGACT symposium on Principles of programming languages},
	Date-Added = {2009-12-18 16:46:33 -0600},
	Date-Modified = {2009-12-18 16:46:41 -0600},
	Doi = {http://doi.acm.org/10.1145/143165.143205},
	Isbn = {0-89791-453-8},
	Location = {Albuquerque, New Mexico, United States},
	Pages = {177--188},
	Publisher = {ACM},
	Title = {Unboxed objects and polymorphic typing},
	Year = {1992},
	Bdsk-Url-1 = {http://doi.acm.org/10.1145/143165.143205}}

@inproceedings{shao:icfp97,
	Address = {New York, NY, USA},
	Author = {Shao, Zhong},
	Booktitle = {ICFP '97: Proceedings of the second ACM SIGPLAN international conference on Functional programming},
	Date-Added = {2009-12-18 16:45:48 -0600},
	Date-Modified = {2009-12-18 16:45:57 -0600},
	Doi = {http://doi.acm.org/10.1145/258948.258958},
	Isbn = {0-89791-918-1},
	Location = {Amsterdam, The Netherlands},
	Pages = {85--98},
	Publisher = {ACM},
	Title = {Flexible representation analysis},
	Year = {1997},
	Bdsk-Url-1 = {http://doi.acm.org/10.1145/258948.258958}}

@article{volpano:jfs96,
	Address = {Amsterdam, The Netherlands, The Netherlands},
	Author = {Volpano, Dennis and Irvine, Cynthia and Smith, Geoffrey},
	Date-Added = {2009-12-18 16:43:10 -0600},
	Date-Modified = {2009-12-18 16:43:19 -0600},
	Issn = {0926-227X},
	Journal = {J. Comput. Secur.},
	Number = {2-3},
	Pages = {167--187},
	Publisher = {IOS Press},
	Title = {A sound type system for secure flow analysis},
	Volume = {4},
	Year = {1996}}

@inproceedings{ml07,
	Address = {New York, NY, USA},
	Author = {Kuan, George and MacQueen, David},
	Booktitle = {ML '07: Proceedings of the 2007 workshop on Workshop on ML},
	Date-Added = {2009-12-18 16:35:46 -0600},
	Date-Modified = {2009-12-18 16:35:52 -0600},
	Doi = {http://doi.acm.org/10.1145/1292535.1292538},
	Isbn = {978-1-59593-676-9},
	Location = {Freiburg, Germany},
	Pages = {3--14},
	Publisher = {ACM},
	Title = {Efficient type inference using ranked type variables},
	Year = {2007},
	Bdsk-Url-1 = {http://doi.acm.org/10.1145/1292535.1292538}}

@inproceedings{kmf07,
	Author = {George Kuan and David MacQueen and Robert Bruce Findler},
	Booktitle = {Programming Languages and Systems, 16th European Symposium on Programming, ESOP 2007},
	Date-Added = {2009-12-18 16:34:51 -0600},
	Date-Modified = {2009-12-18 16:34:51 -0600},
	Editor = {Rocco De Nicola},
	Month = {March},
	Pages = {426--440},
	Title = {A Rewriting Semantics for Type Inference},
	Url = {http://www.cs.uchicago.edu/~gkuan/pubs/esop07-kmf.pdf},
	Volume = 4421,
	Year = {2007},
	Bdsk-Url-1 = {http://www.cs.uchicago.edu/~gkuan/pubs/esop07-kmf.pdf}}

@incollection{sepr09,
	Author = {George Kuan},
	Booktitle = {Semantics Engineering with PLT Redex},
	Date-Added = {2009-12-18 16:30:07 -0600},
	Date-Modified = {2009-12-18 17:12:16 -0600},
	Editor = {Matthias Felleisen and Robert Bruce Findler and Matthew Flatt},
	Publisher = {MIT Press},
	Title = {Type Checking and Inference via Reductions},
	Year = {2009}}

@conference{km:ifl09,
	Author = {George Kuan and David MacQueen},
	Booktitle = {International Symposium on Implementation and Application of Functional Languages},
	Date-Added = {2009-12-18 16:26:23 -0600},
	Date-Modified = {2009-12-18 16:28:38 -0600},
	Title = {Engineering Higher-Order Modules in {SML}/{NJ}},
	Year = {2009}}

@inproceedings{honda:popl08,
	Author = {Kohei Honda and Nobuko Yoshida and Marco Carbone},
	Booktitle = {POPL '08: Proceedings of the 35th annual ACM SIGPLAN-SIGACT symposium on Principles of programming languages},
	Date-Added = {2009-12-18 16:24:41 -0600},
	Date-Modified = {2009-12-18 16:24:52 -0600},
	Doi = {http://doi.acm.org/10.1145/1328438.1328472},
	Pages = {273--284},
	Publisher = {ACM, New York},
	Title = {Multiparty asynchronous session types},
	Type = {2},
	Year = {2008},
	Bdsk-Url-1 = {http://doi.acm.org/10.1145/1328438.1328472}}

@inproceedings{foster:pldi99,
	Address = {New York, NY, USA},
	Author = {Foster, Jeffrey S. and F\"{a}hndrich, Manuel and Aiken, Alexander},
	Booktitle = {PLDI '99: Proceedings of the ACM SIGPLAN 1999 conference on Programming language design and implementation},
	Date-Added = {2009-12-18 16:23:08 -0600},
	Date-Modified = {2009-12-18 16:23:17 -0600},
	Doi = {http://doi.acm.org/10.1145/301618.301665},
	Isbn = {1-58113-094-5},
	Location = {Atlanta, Georgia, United States},
	Pages = {192--203},
	Publisher = {ACM},
	Title = {A theory of type qualifiers},
	Year = {1999},
	Bdsk-Url-1 = {http://doi.acm.org/10.1145/301618.301665}}

@inproceedings{popl:pessaux99,
	Address = {New York, NY, USA},
	Author = {Pessaux, Fran\c{c}ois and Leroy, Xavier},
	Booktitle = {POPL '99: Proceedings of the 26th ACM SIGPLAN-SIGACT symposium on Principles of programming languages},
	Date-Added = {2009-12-18 16:19:26 -0600},
	Date-Modified = {2009-12-18 16:19:39 -0600},
	Doi = {http://doi.acm.org/10.1145/292540.292565},
	Isbn = {1-58113-095-3},
	Location = {San Antonio, Texas, United States},
	Pages = {276--290},
	Publisher = {ACM},
	Title = {Type-based analysis of uncaught exceptions},
	Year = {1999},
	Bdsk-Url-1 = {http://doi.acm.org/10.1145/292540.292565}}

@inproceedings{sas:yiryu97,
	Address = {London, UK},
	Author = {Yi, Kwangkeun and Ryu, Sukyoung},
	Booktitle = {SAS '97: Proceedings of the 4th International Symposium on Static Analysis},
	Date-Added = {2009-12-18 16:17:55 -0600},
	Date-Modified = {2009-12-18 16:18:12 -0600},
	Isbn = {3-540-63468-1},
	Pages = {98--113},
	Publisher = {Springer-Verlag},
	Title = {Towards a Cost-Effective Estimation of Uncaught Exceptions in {SML} Programs},
	Year = {1997}}

@inproceedings{YiRP96,
	Author = {Kwangkeun Yi and Sukyoung Ryu and Kihyun Pyun},
	Bibsource = {DBLP, http://dblp.uni-trier.de},
	Booktitle = {COMPSAC},
	Crossref = {DBLP:conf/compsac/1996},
	Date-Added = {2009-12-18 16:14:38 -0600},
	Date-Modified = {2009-12-18 16:14:47 -0600},
	Ee = {http://computer.org/proceedings/compsac/7579/75790455abs.htm},
	Pages = {455-460},
	Title = {Estimating Uncaught Exceptions in {S}tandard {ML} Programs from Type-Based Equations},
	Year = {1996}}

@inproceedings{perryzap07,
	Address = {New York, NY, USA},
	Author = {Perry, Frances and Mackey, Lester and Reis, George A. and Ligatti, Jay and August, David I. and Walker, David},
	Booktitle = {PLDI '07: Proceedings of the 2007 ACM SIGPLAN conference on Programming language design and implementation},
	Date-Added = {2009-12-18 16:12:16 -0600},
	Date-Modified = {2009-12-18 16:12:34 -0600},
	Doi = {http://doi.acm.org/10.1145/1250734.1250741},
	Isbn = {978-1-59593-633-2},
	Location = {San Diego, California, USA},
	Pages = {42--53},
	Publisher = {ACM},
	Title = {Fault-tolerant typed assembly language},
	Year = {2007},
	Bdsk-Url-1 = {http://doi.acm.org/10.1145/1250734.1250741}}

@inproceedings{toftetalpin94,
	Address = {New York, NY, USA},
	Author = {Tofte, Mads and Talpin, Jean-Pierre},
	Booktitle = {POPL '94: Proceedings of the 21st ACM SIGPLAN-SIGACT symposium on Principles of programming languages},
	Date-Added = {2009-12-18 16:11:00 -0600},
	Date-Modified = {2009-12-18 17:14:45 -0600},
	Doi = {http://doi.acm.org/10.1145/174675.177855},
	Isbn = {0-89791-636-0},
	Location = {Portland, Oregon, United States},
	Pages = {188--201},
	Publisher = {ACM},
	Title = {Implementation of the typed call-by-value lambda-calculus using a stack of regions},
	Year = {1994},
	Bdsk-Url-1 = {http://doi.acm.org/10.1145/174675.177855}}

@inproceedings{harpermorrisett95,
	Address = {New York, NY, USA},
	Author = {Harper,, Robert and Morrisett,, Greg},
	Booktitle = {POPL '95: Proceedings of the 22nd ACM SIGPLAN-SIGACT symposium on Principles of programming languages},
	Date-Added = {2009-11-12 20:48:21 -0600},
	Date-Modified = {2009-11-12 20:48:21 -0600},
	Doi = {http://doi.acm.org/10.1145/199448.199475},
	Isbn = {0-89791-692-1},
	Location = {San Francisco, California, United States},
	Pages = {130--141},
	Publisher = {ACM},
	Title = {Compiling polymorphism using intensional type analysis},
	Year = {1995},
	Bdsk-Url-1 = {http://doi.acm.org/10.1145/199448.199475}}

@incollection{cardelli:tp,
	Abstract = {There exists an identifiable programming style based on the widespread use of type

information handled through mechanical typechecking techniques.},
	Address = {Berlin},
	Author = {Cardelli, Luca},
	Booktitle = {Formal Description of Programming Concepts},
	Citeulike-Article-Id = {335767},
	Citeulike-Linkout-0 = {http://citeseer.ist.psu.edu/cardelli89typeful.html},
	Citeulike-Linkout-1 = {http://citeseer.lcs.mit.edu/cardelli89typeful.html},
	Citeulike-Linkout-2 = {http://citeseer.ifi.unizh.ch/cardelli89typeful.html},
	Citeulike-Linkout-3 = {http://citeseer.comp.nus.edu.sg/cardelli89typeful.html},
	Date-Added = {2009-08-29 07:27:13 -0500},
	Date-Modified = {2009-08-29 07:27:13 -0500},
	Editor = {Neuhold, E. J. and Paul, M.},
	Keywords = {functional-programming, type-theory},
	Pages = {431--507},
	Posted-At = {2008-06-09 11:19:47},
	Priority = {3},
	Publisher = {Springer-Verlag},
	Title = {Typeful Programming},
	Url = {http://citeseer.ist.psu.edu/cardelli89typeful.html},
	Year = {1991},
	Bdsk-Url-1 = {http://citeseer.ist.psu.edu/cardelli89typeful.html}}

@article{lampsonburstall88,
	Address = {Duluth, MN, USA},
	Author = {Lampson, B. and Burstall, R.},
	Date-Added = {2009-08-29 06:54:53 -0500},
	Date-Modified = {2009-08-29 06:55:04 -0500},
	Doi = {http://dx.doi.org/10.1016/0890-5401(88)90011-9},
	Issn = {0890-5401},
	Journal = {Inf. Comput.},
	Number = {2-3},
	Pages = {278--346},
	Publisher = {Academic Press, Inc.},
	Title = {Pebble, a kernel language for modules and abstract data types},
	Volume = {76},
	Year = {1988},
	Bdsk-Url-1 = {http://dx.doi.org/10.1016/0890-5401(88)90011-9}}

@inproceedings{drossopoulou:lics99,
	Address = {Washington, DC, USA},
	Author = {Sophia Drossopoulou and Susan Eisenbach and David Wragg},
	Booktitle = {LICS '99: Proceedings of the 14th Annual IEEE Symposium on Logic in Computer Science},
	Date-Added = {2009-01-13 11:07:04 -0600},
	Date-Modified = {2009-01-13 11:07:17 -0600},
	Isbn = {0-7695-0158-3},
	Pages = {147},
	Publisher = {IEEE Computer Society},
	Title = {A Fragment Calculus Towards a Model of Separate Compilation, Linking and Binary Compatibility},
	Year = {1999}}

@inproceedings{ancona:ecoop02,
	Address = {London, UK},
	Author = {Davide Ancona and Giovanni Lagorio and Elena Zucca},
	Booktitle = {ECOOP '02: Proceedings of the 16th European Conference on Object-Oriented Programming},
	Date-Added = {2009-01-13 10:54:03 -0600},
	Date-Modified = {2009-01-13 10:54:11 -0600},
	Isbn = {3-540-43759-2},
	Pages = {609--636},
	Publisher = {Springer-Verlag},
	Title = {A Formal Framework for Java Separate Compilation},
	Year = {2002}}

@inproceedings{ancona:ppdp02,
	Address = {New York, NY, USA},
	Author = {D. Ancona and G. Lagorio and E. Zucca},
	Booktitle = {PPDP '02: Proceedings of the 4th ACM SIGPLAN international conference on Principles and practice of declarative programming},
	Date-Added = {2009-01-13 10:53:31 -0600},
	Date-Modified = {2009-01-13 10:53:40 -0600},
	Doi = {http://doi.acm.org/10.1145/571157.571177},
	Isbn = {1-58113-528-9},
	Location = {Pittsburgh, PA, USA},
	Pages = {189--200},
	Publisher = {ACM},
	Title = {True separate compilation of Java classes},
	Year = {2002},
	Bdsk-Url-1 = {http://doi.acm.org/10.1145/571157.571177}}

@phdthesis{toftethesis,
	Address = {Mayfield Rd., EH9 3JZ Edinburgh},
	Author = {Mads Tofte},
	Date-Added = {2009-01-07 21:00:28 -0600},
	Date-Modified = {2009-01-07 21:01:59 -0600},
	Month = {May},
	School = {Department of Computer Science, Edinburgh University},
	Title = {Operational Semantics and Polymorphic Type Inference},
	Year = {1988}}

@article{narbel:jfp07,
	Address = {New York, NY, USA},
	Author = {Philippe Narbel},
	Date-Added = {2009-01-06 23:10:12 -0800},
	Date-Modified = {2009-01-06 23:10:25 -0800},
	Doi = {http://dx.doi.org/10.1017/S0956796806006204},
	Issn = {0956-7968},
	Journal = {J. Funct. Program.},
	Number = {2},
	Pages = {207--214},
	Publisher = {Cambridge University Press},
	Title = {Type sharing constraints and undecidability},
	Volume = {17},
	Year = {2007},
	Bdsk-Url-1 = {http://dx.doi.org/10.1017/S0956796806006204}}

@misc{exprprob,
	Author = {Phil Wadler},
	Date-Added = {2009-01-06 13:45:28 -0800},
	Date-Modified = {2009-01-06 13:46:44 -0800},
	Howpublished = {Email to the Java Genericity mailing list},
	Month = {December},
	Title = {The expression problem},
	Year = {1998}}

@book{Pierce:TypeSystems,
	Author = {Benjamin C. Pierce},
	Bcp = {Yes},
	Date-Added = {2009-01-05 23:32:22 -0800},
	Date-Modified = {2009-01-05 23:32:22 -0800},
	Errata = {http://www.cis.upenn.edu/~bcpierce/tapl/errata.txt},
	Homepage = {http://www.cis.upenn.edu/~bcpierce/tapl},
	Keys = {books},
	Plclub = {Yes},
	Publisher = {MIT Press},
	Title = {Types and Programming Languages},
	Year = 2002}

@inproceedings{remy:popl89,
	Address = {New York, NY, USA},
	Author = {D. R\'{e}my},
	Booktitle = {POPL '89: Proceedings of the 16th ACM SIGPLAN-SIGACT symposium on Principles of programming languages},
	Date-Added = {2009-01-05 23:23:02 -0800},
	Date-Modified = {2009-01-12 15:03:54 -0600},
	Doi = {http://doi.acm.org/10.1145/75277.75284},
	Isbn = {0-89791-294-2},
	Location = {Austin, Texas, United States},
	Pages = {77--88},
	Publisher = {ACM},
	Title = {Type checking records and variants in a natural extension of {ML}},
	Year = {1989},
	Bdsk-Url-1 = {http://doi.acm.org/10.1145/75277.75284}}

@manual{blume95:cm,
	Author = {Matthias Blume},
	Date-Added = {2009-01-03 23:06:01 -0800},
	Date-Modified = {2009-01-03 23:07:15 -0800},
	Organization = {Manual accompanying SML/NJ software},
	Title = {Standard ML of New Jersey compilation manager},
	Year = {1995}}

@article{blume:toplas99,
	Address = {New York, NY, USA},
	Author = {Matthias Blume},
	Date-Added = {2009-01-03 23:03:26 -0800},
	Date-Modified = {2009-01-03 23:03:34 -0800},
	Doi = {http://doi.acm.org/10.1145/325478.325481},
	Issn = {0164-0925},
	Journal = {ACM Trans. Program. Lang. Syst.},
	Number = {4},
	Pages = {790--812},
	Publisher = {ACM},
	Title = {Dependency analysis for Standard ML},
	Volume = {21},
	Year = {1999},
	Bdsk-Url-1 = {http://doi.acm.org/10.1145/325478.325481}}

@article{ba:toplas99,
	Address = {New York, NY, USA},
	Author = {Matthias Blume and Andrew W. Appel},
	Date-Added = {2009-01-03 23:03:00 -0800},
	Date-Modified = {2009-01-03 23:03:10 -0800},
	Doi = {http://doi.acm.org/10.1145/325478.325518},
	Issn = {0164-0925},
	Journal = {ACM Trans. Program. Lang. Syst.},
	Number = {4},
	Pages = {813--847},
	Publisher = {ACM},
	Title = {Hierarchical modularity},
	Volume = {21},
	Year = {1999},
	Bdsk-Url-1 = {http://doi.acm.org/10.1145/325478.325518}}

@techreport{hlpr:tr94,
	Address = {Pittsburgh, PA, USA},
	Author = {Robert Harper and Peter Lee and Frank Pfenning and Eugene Rollins},
	Date-Added = {2009-01-03 23:00:17 -0800},
	Date-Modified = {2009-01-12 15:01:55 -0600},
	Institution = {Carnegie Mellon University},
	Publisher = {Carnegie Mellon University},
	Source = {http://www.ncstrl.org:8900/ncstrl/servlet/search?formname=detail\&id=oai%3Ancstrlh%3Acmucs%3ACMU%2F%2FCS-94-116},
	Title = {Incremental Recompilation for {S}tandard {ML} of {N}ew {J}ersey},
	Year = {1994}}

@inproceedings{am:pldi94,
	Address = {New York, NY, USA},
	Author = {Andrew W. Appel and David B. MacQueen},
	Booktitle = {PLDI '94: Proceedings of the ACM SIGPLAN 1994 conference on Programming language design and implementation},
	Date-Added = {2009-01-03 22:58:58 -0800},
	Date-Modified = {2009-01-05 11:23:37 -0800},
	Doi = {http://doi.acm.org/10.1145/178243.178245},
	Isbn = {0-89791-662-X},
	Location = {Orlando, Florida, United States},
	Pages = {13--23},
	Publisher = {ACM},
	Title = {Separate compilation for {S}tandard {ML}},
	Year = {1994},
	Bdsk-Url-1 = {http://doi.acm.org/10.1145/178243.178245}}

@inproceedings{CregutMacQueen94,
	Author = {{C}r\'egut, {P}. and {M}ac{Q}ueen, {D}.},
	Booktitle = {{ACM} {SIGPLAN} {W}orkshop on {S}tandard {ML} and its {A}pplications},
	Date-Added = {2009-01-03 15:35:51 -0800},
	Date-Modified = {2009-08-29 08:03:02 -0500},
	Month = {{J}une},
	Scope = {monads},
	Sourceurl = {ftp://research.att.com/dist/ml/papers/ML94/02-cregut.ps.Z},
	Title = {{A}n implementation of higher-order functors},
	Topics = {Modules},
	Year = 1994}

@book{mth90,
	Address = {Cambridge, MA, USA},
	Author = {Robin Milner and Mads Tofte and Robert Harper},
	Date-Added = {2009-01-03 09:53:07 -0800},
	Date-Modified = {2009-01-03 09:53:23 -0800},
	Isbn = {0-262-63132-6},
	Publisher = {MIT Press},
	Title = {The {D}efinition of {S}tandard {ML}},
	Year = {1990}}

@techreport{dreyerthesis,
	Author = {Derek Dreyer},
	Date-Added = {2009-01-02 18:22:14 -0800},
	Date-Modified = {2009-01-05 11:29:32 -0800},
	Institution = {School of Computer Science, Carnegie Mellon University},
	Title = {Understanding and Evolving the {ML} Module System},
        Number = {CMU-CS-05-131},              
	Year = {2005}}

@techreport{govereau:tr05,
	Author = {Paul Govereau},
	Date-Added = {2009-01-02 18:20:27 -0800},
	Date-Modified = {2009-01-02 18:21:25 -0800},
	Institution = {Harvard University},
	Title = {Type Generativity in Higher-order Module Systems},
	Year = {2005}}

@phdthesis{LillibridgeThesis,
	Author = {Mark Lillibridge},
	Date-Added = {2009-01-02 18:10:01 -0800},
	Date-Modified = {2009-01-02 18:10:10 -0800},
	Keywords = {til},
	Month = may,
	Note = {Available as Technical Report CMU-CS-97-122},
	School = {School of Computer Science, Carnegie Mellon University},
	Title = {Translucent Sums: {A} Foundation for Higher-Order Module Systems},
	Urlabstract = {http://reports-archive.adm.cs.cmu.edu/anon/1997/abstracts/97-122.html},
	Urldvi = {http://www.research.compaq.com/SRC/personal/mdl/Papers/Thesis/thesis.dvi},
	Urlpdf = {http://reports-archive.adm.cs.cmu.edu/anon/1997/CMU-CS-97-122.pdf},
	Urlps = {http://reports-archive.adm.cs.cmu.edu/anon/1997/CMU-CS-97-122.ps},
	Year = {1997}}

@article{tofte:jfp94,
	Abstract = { ABSTRACT In this paper we present a language for programming with higher-order modules. The language HML is based on Standard ML in that it provides structures, signatures and functors. In HML, functors can be declared inside structures and specified inside signatures; this is not possible in Standard ML. We present an operational semantics for the static semantics of HML signature expressions, with particular emphasis on the handling of sharing. As a justification for the semantics, we prove a theorem about the existence of principal signatures. This result is closely related to the existence of principal type schemes for functional programming languages with polymorphism. },
	Author = {Tofte,Mads},
	Date-Added = {2009-01-02 18:04:13 -0800},
	Date-Modified = {2009-01-12 14:58:51 -0600},
	Doi = {10.1017/S0956796800001088},
	Eprint = {http://journals.cambridge.org/article_S0956796800001088},
	Journal = {Journal of Functional Programming},
	Number = {03},
	Pages = {285-335},
	Title = {Principal signatures for higher-order program modules},
	Url = {http://journals.cambridge.org/action/displayAbstract?fromPage=online&aid=1322832&fulltextType=RA&fileId=S0956796800001088},
	Volume = {4},
	Year = {1994},
	Bdsk-Url-1 = {http://journals.cambridge.org/action/displayAbstract?fromPage=online&aid=1322832&fulltextType=RA&fileId=S0956796800001088},
	Bdsk-Url-2 = {http://dx.doi.org/10.1017/S0956796800001088}}

@phdthesis{russothesis,
	Author = {Claudio V. Russo},
	Date-Added = {2009-01-02 13:16:43 -0800},
	Date-Modified = {2009-01-02 13:17:28 -0800},
	School = {Edinburgh University},
	Title = {Types for Modules},
	Year = {1998}}

@phdthesis{Aspinall97,
	Author = {David Aspinall},
	Date-Added = {2009-01-02 12:38:28 -0800},
	Date-Modified = {2009-01-02 12:38:28 -0800},
	Keywords = {ModelTheory},
	School = {Edinburgh},
	Title = {Type Systems for Modular Programming and Specification},
	Year = {1997}}

@article{ancona:jfp02,
	Address = {New York, NY, USA},
	Author = {Davide Ancona and Elena Zucca},
	Date-Added = {2009-01-02 11:16:31 -0800},
	Date-Modified = {2009-01-02 11:16:40 -0800},
	Doi = {http://dx.doi.org/10.1017/S0956796801004257},
	Issn = {0956-7968},
	Journal = {J. Funct. Program.},
	Number = {2},
	Pages = {91--132},
	Publisher = {Cambridge University Press},
	Title = {A calculus of module systems},
	Volume = {12},
	Year = {2002},
	Bdsk-Url-1 = {http://dx.doi.org/10.1017/S0956796801004257}}

@inproceedings{hmt:tapsoft87,
	Address = {New York, NY, USA},
	Author = {R. Harper and R. Milner and M. Tofte},
	Booktitle = {2nd Colloquium on Functional and Logic Programming and Specifications (CFLP) on TAPSOFT '87: Advanced Seminar on Foundations of Innovative Software Development},
	Date-Added = {2009-01-02 08:38:26 -0800},
	Date-Modified = {2009-01-02 08:55:56 -0800},
	Isbn = {0-387-17611-X},
	Location = {Pisa, Italy},
	Pages = {308--319},
	Publisher = {Springer-Verlag New York, Inc.},
	Title = {A type discipline for Program modules},
	Year = {1987}}

@inproceedings{macqueen:lfp84,
	Address = {New York, NY, USA},
	Author = {David MacQueen},
	Booktitle = {LFP '84: Proceedings of the 1984 ACM Symposium on LISP and functional programming},
	Date-Added = {2009-01-02 08:09:13 -0800},
	Date-Modified = {2009-01-02 08:48:11 -0800},
	Doi = {http://doi.acm.org/10.1145/800055.802036},
	Isbn = {0-89791-142-3},
	Location = {Austin, Texas, United States},
	Pages = {198--207},
	Publisher = {ACM},
	Title = {Modules for {S}tandard {ML}},
	Year = {1984},
	Bdsk-Url-1 = {http://doi.acm.org/10.1145/800055.802036}}

@inproceedings{macqueen:lfp88,
	Address = {New York, NY, USA},
	Author = {David MacQueen},
	Booktitle = {LFP '88: Proceedings of the 1988 ACM conference on LISP and functional programming},
	Date-Added = {2009-01-02 08:08:34 -0800},
	Date-Modified = {2009-01-05 11:32:17 -0800},
	Doi = {http://doi.acm.org/10.1145/62678.62704},
	Isbn = {0-89791-273-X},
	Location = {Snowbird, Utah, United States},
	Pages = {212--223},
	Publisher = {ACM},
	Title = {An implementation of {S}tandard {ML} modules},
	Year = {1988},
	Bdsk-Url-1 = {http://doi.acm.org/10.1145/62678.62704}}

@inproceedings{macqueen:popl86,
	Address = {New York, NY, USA},
	Author = {David B. MacQueen},
	Booktitle = {POPL '86: Proceedings of the 13th ACM SIGACT-SIGPLAN symposium on Principles of programming languages},
	Date-Added = {2009-01-02 08:01:19 -0800},
	Date-Modified = {2009-01-02 08:01:33 -0800},
	Doi = {http://doi.acm.org/10.1145/512644.512670},
	Location = {St. Petersburg Beach, Florida},
	Pages = {277--286},
	Publisher = {ACM},
	Title = {Using dependent types to express modular structure},
	Year = {1986},
	Bdsk-Url-1 = {http://doi.acm.org/10.1145/512644.512670}}

@inproceedings{wirth:module,
	Address = {London, UK},
	Author = {Niklaus Wirth},
	Booktitle = {Proceedings of a Symposium on Language Design and Programming Methodology},
	Date-Added = {2008-12-31 08:03:45 -0800},
	Date-Modified = {2008-12-31 08:03:52 -0800},
	Isbn = {3-540-09745-7},
	Pages = {1--24},
	Publisher = {Springer-Verlag},
	Title = {The Module: A System Structuring Facility in High-Level Programming Languages},
	Year = {1980}}

@article{cacm:mesa,
	Address = {New York, NY, USA},
	Author = {Charles M. Geschke and James H. Morris, Jr. and Edwin H. Satterthwaite},
	Date-Added = {2008-12-30 19:42:27 -0800},
	Date-Modified = {2009-01-02 08:47:23 -0800},
	Doi = {http://doi.acm.org/10.1145/359763.359771},
	Issn = {0001-0782},
	Journal = {Commun. ACM},
	Number = {8},
	Pages = {540--553},
	Publisher = {ACM},
	Title = {Early experience with {M}esa},
	Volume = {20},
	Year = {1977},
	Bdsk-Url-1 = {http://doi.acm.org/10.1145/359763.359771}}

@inproceedings{cardelli97,
	Address = {New York, NY, USA},
	Author = {Luca Cardelli},
	Booktitle = {POPL '97: Proceedings of the 24th ACM SIGPLAN-SIGACT symposium on Principles of programming languages},
	Date-Added = {2008-12-30 15:41:14 -0800},
	Date-Modified = {2008-12-30 15:41:24 -0800},
	Doi = {http://doi.acm.org/10.1145/263699.263735},
	Isbn = {0-89791-853-3},
	Location = {Paris, France},
	Pages = {266--277},
	Publisher = {ACM},
	Title = {Program fragments, linking, and modularization},
	Year = {1997},
	Bdsk-Url-1 = {http://doi.acm.org/10.1145/263699.263735}}

@inproceedings{mh:xml,
	Address = {New York, NY, USA},
	Author = {J. C. Mitchell and R. Harper},
	Booktitle = {POPL '88: Proceedings of the 15th ACM SIGPLAN-SIGACT symposium on Principles of programming languages},
	Date-Added = {2008-12-30 14:13:19 -0800},
	Date-Modified = {2008-12-30 14:13:32 -0800},
	Doi = {http://doi.acm.org/10.1145/73560.73563},
	Isbn = {0-89791-252-7},
	Location = {San Diego, California, United States},
	Pages = {28--46},
	Publisher = {ACM},
	Title = {The essence of ML},
	Year = {1988},
	Bdsk-Url-1 = {http://doi.acm.org/10.1145/73560.73563}}

@inproceedings{hmm:phasedist,
	Address = {New York, NY, USA},
	Author = {Robert Harper and John C. Mitchell and Eugenio Moggi},
	Booktitle = {POPL '90: Proceedings of the 17th ACM SIGPLAN-SIGACT symposium on Principles of programming languages},
	Date-Added = {2008-12-30 14:06:20 -0800},
	Date-Modified = {2008-12-30 14:06:36 -0800},
	Doi = {http://doi.acm.org/10.1145/96709.96744},
	Isbn = {0-89791-343-4},
	Location = {San Francisco, California, United States},
	Pages = {341--354},
	Publisher = {ACM},
	Title = {Higher-order modules and the phase distinction},
	Year = {1990},
	Bdsk-Url-1 = {http://doi.acm.org/10.1145/96709.96744}}

@techreport{typed-traits-tr,
	Address = {Chicago, IL},
	Author = {Kathleen Fisher and John Reppy},
	Date-Added = {2008-12-30 10:59:10 -0800},
	Date-Modified = {2008-12-30 10:59:10 -0800},
	Institution = {Department of Computer Science, University of Chicago},
	Month = dec,
	Number = {TR-2003-13},
	Title = {Statically Typed Traits},
	Topic = {object},
	Year = 2003}

@inproceedings{Scharli03traits:composable,
	Author = {Nathanael Sch\"arli and St\'{e}phane Ducasse and Oscar Nierstrasz and Andrew P. Black},
	Booktitle = {In Proc. European Conference on Object-Oriented Programming},
	Date-Added = {2008-12-30 10:57:31 -0800},
	Date-Modified = {2009-01-12 15:08:14 -0600},
	Pages = {248--274},
	Publisher = {Springer},
	Title = {Traits: Composable units of behaviour},
	Year = {2003}}

@inproceedings{brachacook:mixin,
	Address = {New York, NY, USA},
	Author = {Gilad Bracha and William Cook},
	Booktitle = {OOPSLA/ECOOP '90: Proceedings of the European conference on object-oriented programming on Object-oriented programming systems, languages, and applications},
	Date-Added = {2008-12-30 10:53:15 -0800},
	Date-Modified = {2008-12-30 10:53:23 -0800},
	Doi = {http://doi.acm.org/10.1145/97945.97982},
	Isbn = {0-201-52430-X},
	Location = {Ottawa, Canada},
	Pages = {303--311},
	Publisher = {ACM},
	Title = {Mixin-based inheritance},
	Year = {1990},
	Bdsk-Url-1 = {http://doi.acm.org/10.1145/97945.97982}}

@phdthesis{bracha:thesis,
	Address = {Salt Lake City, UT, USA},
	Author = {Gilad Bracha},
	Date-Added = {2008-12-30 10:44:56 -0800},
	Date-Modified = {2009-01-02 08:46:43 -0800},
	Order_No = {UMI Order No. GAX92-14893},
	Publisher = {University of Utah},
	School = {University of Utah},
	Title = {The programming language {J}igsaw: mixins, modularity and multiple inheritance},
	Year = {1992}}

@article{bray:impl,
	Address = {New York, NY, USA},
	Author = {Gary Bray},
	Date-Added = {2008-12-30 10:15:07 -0800},
	Date-Modified = {2009-01-02 08:46:31 -0800},
	Doi = {http://doi.acm.org/10.1145/989971.989974},
	Issn = {1094-3641},
	Journal = {Ada Lett.},
	Number = {2},
	Pages = {62--71},
	Publisher = {ACM},
	Title = {Implementation implications of {A}da generics},
	Volume = {III},
	Year = {1983},
	Bdsk-Url-1 = {http://doi.acm.org/10.1145/989971.989974}}

@article{rustan:abshiding,
	Address = {New York, NY, USA},
	Author = {K. Rustan M. Leino and Greg Nelson},
	Date-Added = {2008-12-30 10:12:35 -0800},
	Date-Modified = {2008-12-30 10:12:48 -0800},
	Doi = {http://doi.acm.org/10.1145/570886.570888},
	Issn = {0164-0925},
	Journal = {ACM Trans. Program. Lang. Syst.},
	Number = {5},
	Pages = {491--553},
	Publisher = {ACM},
	Title = {Data abstraction and information hiding},
	Volume = {24},
	Year = {2002},
	Bdsk-Url-1 = {http://doi.acm.org/10.1145/570886.570888}}

@inproceedings{makholm:mixin,
	Address = {New York, NY, USA},
	Author = {Henning Makholm and J. B. Wells},
	Booktitle = {ICFP '05: Proceedings of the tenth ACM SIGPLAN international conference on Functional programming},
	Date-Added = {2008-12-30 08:14:48 -0800},
	Date-Modified = {2008-12-30 08:15:02 -0800},
	Doi = {http://doi.acm.org/10.1145/1086365.1086386},
	Isbn = {1-59593-064-7},
	Location = {Tallinn, Estonia},
	Pages = {156--167},
	Publisher = {ACM},
	Title = {Type inference, principal typings, and let-polymorphism for first-class mixin modules},
	Year = {2005},
	Bdsk-Url-1 = {http://doi.acm.org/10.1145/1086365.1086386}}

@article{garcia05:extendedcomparing05,
	Author = {Ronald Garcia and Jaakko J\"arvi and Andrew Lumsdaine and Jeremy Siek and Jeremiah Willcock},
	Date-Added = {2008-12-29 19:55:24 -0800},
	Date-Modified = {2008-12-29 19:55:24 -0800},
	Doi = {http://dx.doi.org/10.1017/S0956796806006198},
	Journal = {Journal of Functional Programming},
	Month = mar,
	Number = {2},
	Pages = {145--205},
	Title = {An Extended Comparative Study of Language Support for Generic Programming},
	Url = {http://dx.doi.org/10.1017/S0956796806006198},
	Volume = {17},
	Year = 2007,
	Bdsk-Url-1 = {http://dx.doi.org/10.1017/S0956796806006198}}

@inproceedings{Montagu-Remy:popl09:fzip,
	Abstract = {We propose Fzip, a calculus of open existential types that is an
  extension of System F obtained by decomposing the introduction and
  elimination of  existential types into more atomic constructs. Open
  existential types model modular type abstraction as done in module
  systems. The static semantics of Fzip adapts standard techniques to deal
   with linearity of typing contexts,  its dynamic semantics is a
  small-step reduction semantics that  performs extrusion of type
  abstraction as needed during reduction, and the two are related by
  subject reduction and progress lemmas. Applying the Curry-Howard
  isomorphism,  Fzip can be also read back as a logic with the same
  expressive power as second-order logic but with more modular ways of
  assembling partial proofs. We also extend the core calculus to handle
  the double vision problem as well as type-level and term-level
  recursion. The resulting language turns out to be a new formalization of
  (a minor variant of) Dreyer's internal language for recursive and mixin
  modules.},
	Address = {Savannah, Georgia, USA},
	Also = {http://gallium.inria.fr/~remy/modules/},
	Author = {Beno{\^\i}t Montagu and Didier R{\'e}my},
	Booktitle = {Proceedings of the 36th {ACM} Symposium on Principles of Programming Languages (POPL'09)},
	Date-Added = {2008-12-29 19:45:33 -0800},
	Date-Modified = {2008-12-29 19:45:33 -0800},
	Month = jan,
	Pages = {63--74},
	Pdf = {http://gallium.inria.fr/~remy/modules/Montagu-Remy@popl09:fzip.pdf},
	Title = {Modeling Abstract Types in Modules with Open Existential Types},
	Year = {2009}}

@inproceedings{Lebotlan-Remy/mlf-icfp,
	Abstract = { We propose a type system {MLF} that generalizes {ML} with
                  first-class polymorphism as in System~{F}.  Expressions
                  may contain second-order type annotations.  Every typable
                  expression admits a principal type, which however depends
                  on type annotations.  Principal types capture all other
                  types that can be obtained by implicit type instantiation
                  and they can be inferred.  All expressions of ML are
                  well-typed without any annotations.  All expressionsof
                  System~{F} can be mechanically encoded into {MLF} by
                  dropping all type abstractions and type applications, and
                  injecting types of lambda-abstractions into {MLF} types.
                  Moreover, only parameters of lambda-abstractions that are
                  used polymorphically need to remain annotated.  },
	Author = {Le Botlan, Didier and R{\'e}my, Didier},
	Booktitle = {Proceedings of the Eighth {ACM SIGPLAN} International Conference on Functional Programming},
	Category = {B},
	Date-Added = {2008-12-29 19:42:37 -0800},
	Date-Modified = {2008-12-29 19:42:37 -0800},
	Dvi = {http://gallium.inria.fr/~remy/work/mlf/icfp.dvi.gz},
	Http = {http://gallium.inria.fr/~remy/work/mlf/},
	Month = AUG,
	Pages = {27--38},
	Pdf = {http://gallium.inria.fr/~remy/work/mlf/icfp.pdf},
	Ps = {http://gallium.inria.fr/~remy/work/mlf/icfp.ps.gz},
	Title = {{MLF}: Raising {ML} to the power of {System F}},
	Urlpublisher = {http://doi.acm.org/10.1145/944705.944709},
	Year = 2003}

@phdthesis{blumethesis,
	Address = {Princeton, NJ, USA},
	Author = {Matthias Blume},
	Date-Added = {2008-12-29 19:40:09 -0800},
	Date-Modified = {2008-12-29 19:40:17 -0800},
	Order_No = {UMI Order No. GAX98-08365},
	Publisher = {Princeton University},
	Title = {Hierarchical modulatory and intermodule optimization},
	Year = {1998}}

@inproceedings{fph,
	Address = {New York, NY, USA},
	Author = {Dimitrios Vytiniotis and Stephanie Weirich and Simon Peyton Jones},
	Booktitle = {ICFP '08: Proceeding of the 13th ACM SIGPLAN international conference on Functional programming},
	Date-Added = {2008-12-29 19:28:21 -0800},
	Date-Modified = {2009-01-05 11:38:02 -0800},
	Doi = {http://doi.acm.org/10.1145/1411204.1411246},
	Isbn = {978-1-59593-919-7},
	Location = {Victoria, BC, Canada},
	Pages = {295--306},
	Publisher = {ACM},
	Title = {{FPH}: first-class polymorphism for {H}askell},
	Year = {2008},
	Bdsk-Url-1 = {http://doi.acm.org/10.1145/1411204.1411246}}

@inproceedings{jonesfcp,
	Address = {New York, NY, USA},
	Author = {Mark P. Jones},
	Booktitle = {POPL '97: Proceedings of the 24th ACM SIGPLAN-SIGACT symposium on Principles of programming languages},
	Date-Added = {2008-12-29 19:26:04 -0800},
	Date-Modified = {2008-12-29 19:26:13 -0800},
	Doi = {http://doi.acm.org/10.1145/263699.263765},
	Isbn = {0-89791-853-3},
	Location = {Paris, France},
	Pages = {483--496},
	Publisher = {ACM},
	Title = {First-class polymorphism with type inference},
	Year = {1997},
	Bdsk-Url-1 = {http://doi.acm.org/10.1145/263699.263765}}

@inproceedings{odersky-et-al:ecoop03,
	Author = {Martin Odersky and Vincent Cremet and Christine R\"ockl and Matthias Zenger},
	Booktitle = {Proc. ECOOP'03},
	Date-Added = {2008-12-29 19:15:16 -0800},
	Date-Modified = {2008-12-29 19:56:41 -0800},
	Month = jul,
	Series = {Springer LNCS},
	Title = {A Nominal Theory of Objects with Dependent Types},
	Year = 2003}

@inproceedings{mixml,
	Address = {New York, NY, USA},
	Author = {Derek Dreyer and Andreas Rossberg},
	Booktitle = {ICFP '08: Proceeding of the 13th ACM SIGPLAN international conference on Functional programming},
	Date-Added = {2008-12-29 19:03:50 -0800},
	Date-Modified = {2008-12-29 19:47:34 -0800},
	Doi = {http://doi.acm.org/10.1145/1411204.1411248},
	Isbn = {978-1-59593-919-7},
	Location = {Victoria, BC, Canada},
	Pages = {307--320},
	Publisher = {ACM},
	Title = {Mixin' up the {ML} module system},
	Url = {http://portal.acm.org/ft_gateway.cfm?id=1411248&type=pdf&coll=GUIDE&dl=GUIDE&CFID=16602241&CFTOKEN=23247493},
	Year = {2008},
	Bdsk-Url-1 = {http://portal.acm.org/ft_gateway.cfm?id=1411248&type=pdf&coll=GUIDE&dl=GUIDE&CFID=16602241&CFTOKEN=23247493},
	Bdsk-Url-2 = {http://doi.acm.org/10.1145/1411204.1411248}}

@inproceedings{wadlerblott,
	Address = {New York, NY, USA},
	Author = {P. Wadler and S. Blott},
	Booktitle = {POPL '89: Proceedings of the 16th ACM SIGPLAN-SIGACT symposium on Principles of programming languages},
	Date-Added = {2008-12-29 19:03:13 -0800},
	Date-Modified = {2008-12-29 19:04:25 -0800},
	Doi = {http://doi.acm.org/10.1145/75277.75283},
	Isbn = {0-89791-294-2},
	Location = {Austin, Texas, United States},
	Pages = {60--76},
	Publisher = {ACM},
	Title = {How to make ad-hoc polymorphism less ad hoc},
	Url = {http://portal.acm.org/ft_gateway.cfm?id=75283&type=pdf&coll=GUIDE&dl=GUIDE&CFID=16602241&CFTOKEN=23247493},
	Year = {1989},
	Bdsk-Url-1 = {http://portal.acm.org/ft_gateway.cfm?id=75283&type=pdf&coll=GUIDE&dl=GUIDE&CFID=16602241&CFTOKEN=23247493},
	Bdsk-Url-2 = {http://doi.acm.org/10.1145/75277.75283}}

@article{Leroy:generativity,
	Abstract = {This paper presents a purely syntactic account of type generativity
and sharing -- two key mechanisms in the Standard ML module system
-- and shows its equivalence with the traditional
stamp-based description of these mechanisms. This syntactic
description recasts the Standard ML module system in a more
abstract, type-theoretic framework.},
	Author = {Xavier Leroy},
	Date-Added = {2008-04-24 08:20:23 -0500},
	Date-Modified = {2009-01-02 12:40:06 -0800},
	Journal = {Journal of Functional Programming},
	Number = 5,
	Pages = {667--698},
	Title = {A syntactic theory of type generativity and sharing},
	Url = {http://gallium.inria.fr/~xleroy/publi/syntactic-generativity.ps.gz},
	Volume = 6,
	Xtopic = {modules},
	Year = 1996,
	Bdsk-Url-1 = {http://gallium.inria.fr/~xleroy/publi/syntactic-generativity.ps.gz}}

@inproceedings{CardelliLeroy:dot,
	Abstract = {We investigate the use of the dot notation in the context of
abstract types.  The dot notation -- that is, a.f referring to
the operation f provided by the abstraction a -- is used by
programming languages such as Modula-2 and CLU. We compare
this notation with the Mitchell-Plotkin approach, which draws
a parallel between type abstraction and (weak) existential
quantification in constructive logic. The basic operations on
existentials coming from logic give new insights about the
meaning of type abstraction, but differ completely from the
more familiar dot notation. In this paper, we formalize simple
calculi equipped with the dot notation, and relate them to a
more classical calculus a la Mitchell and Plotkin. This work
provides some theoretical foundations for the dot notation,
and suggests some useful extensions.},
	Author = {Luca Cardelli and Xavier Leroy},
	Booktitle = {Proceedings IFIP TC2 working conference on programming concepts and methods},
	Date-Added = {2008-03-16 08:55:55 -0500},
	Date-Modified = {2009-01-02 13:11:47 -0800},
	Editor = {M. Broy and C. B. Jones},
	Pages = {479--504},
	Publisher = {North-Holland},
	Title = {Abstract types and the dot notation},
	Url = {http://gallium.inria.fr/~xleroy/publi/abstract-types-dot-notation.ps.gz},
	Xtopic = {types},
	Year = {1990},
	Bdsk-Url-1 = {http://gallium.inria.fr/~xleroy/publi/abstract-types-dot-notation.ps.gz}}

@inproceedings{rossberg:ppdp03,
	Address = {New York, NY, USA},
	Author = {Andreas Rossberg},
	Booktitle = {PPDP '03: Proceedings of the 5th ACM SIGPLAN international conference on Principles and practice of declaritive programming},
	Date-Added = {2008-03-16 08:47:16 -0500},
	Date-Modified = {2010-04-22 18:50:10 -0500},
	Doi = {http://doi.acm.org/10.1145/888251.888274},
	Isbn = {1-58113-705-2},
	Location = {Uppsala, Sweden},
	Pages = {241--252},
	Publisher = {ACM},
	Title = {Generativity and dynamic opacity for abstract types},
	Url = {http://portal.acm.org/ft_gateway.cfm?id=888274&type=pdf&coll=Portal&dl=GUIDE&CFID=59520323&CFTOKEN=96780885},
	Year = {2003},
	Bdsk-Url-1 = {http://portal.acm.org/ft_gateway.cfm?id=888274&type=pdf&coll=Portal&dl=GUIDE&CFID=59520323&CFTOKEN=96780885},
	Bdsk-Url-2 = {http://doi.acm.org/10.1145/888251.888274}}

@article{sewell:modabsdistr,
	Address = {New York, NY, USA},
	Author = {Peter Sewell},
	Date-Added = {2008-03-16 08:41:25 -0500},
	Date-Modified = {2008-12-31 08:02:23 -0800},
	Doi = {http://doi.acm.org/10.1145/373243.360225},
	Issn = {0362-1340},
	Journal = {SIGPLAN Not.},
	Number = {3},
	Pages = {236--247},
	Publisher = {ACM},
	Title = {Modules, abstract types, and distributed versioning},
	Url = {http://portal.acm.org/ft_gateway.cfm?id=360225&type=pdf&coll=Portal&dl=GUIDE&CFID=59520323&CFTOKEN=96780885},
	Volume = {36},
	Year = {2001},
	Bdsk-Url-1 = {http://portal.acm.org/ft_gateway.cfm?id=360225&type=pdf&coll=Portal&dl=GUIDE&CFID=59520323&CFTOKEN=96780885},
	Bdsk-Url-2 = {http://doi.acm.org/10.1145/373243.360225}}

@inproceedings{kahrs94,
	Address = {London, UK},
	Author = {Stefan Kahrs},
	Booktitle = {ESOP '94: Proceedings of the 5th European Symposium on Programming},
	Date-Added = {2008-03-14 10:46:48 -0500},
	Date-Modified = {2008-03-14 10:48:29 -0500},
	Isbn = {3-540-57880-3},
	Pages = {333--347},
	Publisher = {Springer-Verlag},
	Title = {First-Class Polymorphism for {ML}},
	Year = {1994}}

@inproceedings{remy07,
	Address = {New York, NY, USA},
	Author = {Didier R\'{e}my},
	Booktitle = {ML '07: Proceedings of the 2007 workshop on Workshop on ML},
	Date-Added = {2008-03-14 10:46:36 -0500},
	Date-Modified = {2008-03-15 16:47:08 -0500},
	Doi = {http://doi.acm.org/10.1145/1292535.1292536},
	Isbn = {978-1-59593-676-9},
	Location = {Freiburg, Germany},
	Pages = {1--2},
	Publisher = {ACM},
	Title = {MLF for everyone (users, implementers, and designers)},
	Url = {http://portal.acm.org/ft_gateway.cfm?id=1292536&type=pdf&coll=Portal&dl=GUIDE&CFID=20176601&CFTOKEN=76965398},
	Year = {2007},
	Bdsk-Url-1 = {http://portal.acm.org/ft_gateway.cfm?id=1292536&type=pdf&coll=Portal&dl=GUIDE&CFID=20176601&CFTOKEN=76965398},
	Bdsk-Url-2 = {http://doi.acm.org/10.1145/1292535.1292536}}

@article{russo00,
	Address = {, Finland},
	Author = {Claudio V. Russo},
	Date-Added = {2008-03-14 10:45:36 -0500},
	Date-Modified = {2008-03-14 11:38:43 -0500},
	Issn = {1236-6064},
	Journal = {Nordic J. of Computing},
	Number = {4},
	Pages = {348--374},
	Publisher = {Publishing Association Nordic Journal of Computing},
	Title = {First-class structures for {S}tandard {ML}},
	Volume = {7},
	Year = {2000}}

@inproceedings{karvonen07,
	Address = {New York, NY, USA},
	Author = {Vesa A.J. Karvonen},
	Booktitle = {ML '07: Proceedings of the 2007 workshop on Workshop on ML},
	Date-Added = {2008-03-14 10:45:12 -0500},
	Date-Modified = {2008-03-15 16:51:55 -0500},
	Doi = {http://doi.acm.org/10.1145/1292535.1292547},
	Isbn = {978-1-59593-676-9},
	Location = {Freiburg, Germany},
	Pages = {71--82},
	Publisher = {ACM},
	Title = {Generics for the working ML'er},
	Url = {http://portal.acm.org/ft_gateway.cfm?id=1292547&type=pdf&coll=Portal&dl=GUIDE&CFID=20176601&CFTOKEN=76965398},
	Year = {2007},
	Bdsk-Url-1 = {http://portal.acm.org/ft_gateway.cfm?id=1292547&type=pdf&coll=Portal&dl=GUIDE&CFID=20176601&CFTOKEN=76965398},
	Bdsk-Url-2 = {http://doi.acm.org/10.1145/1292535.1292547}}

@inproceedings{jones97,
	Address = {New York, NY, USA},
	Author = {Mark P. Jones},
	Booktitle = {POPL '97: Proceedings of the 24th ACM SIGPLAN-SIGACT symposium on Principles of programming languages},
	Date-Added = {2008-03-14 10:44:57 -0500},
	Date-Modified = {2008-03-15 16:51:20 -0500},
	Doi = {http://doi.acm.org/10.1145/263699.263765},
	Isbn = {0-89791-853-3},
	Location = {Paris, France},
	Pages = {483--496},
	Publisher = {ACM},
	Title = {First-class polymorphism with type inference},
	Url = {http://portal.acm.org/ft_gateway.cfm?id=263765&type=pdf&coll=Portal&dl=GUIDE&CFID=20176601&CFTOKEN=76965398},
	Year = {1997},
	Bdsk-Url-1 = {http://portal.acm.org/ft_gateway.cfm?id=263765&type=pdf&coll=Portal&dl=GUIDE&CFID=20176601&CFTOKEN=76965398},
	Bdsk-Url-2 = {http://doi.acm.org/10.1145/263699.263765}}

@inproceedings{bac06,
	Address = {New York, NY, USA},
	Author = {Matthias Blume and Umut A. Acar and Wonseok Chae},
	Booktitle = {ICFP '06: Proceedings of the eleventh ACM SIGPLAN international conference on Functional programming},
	Date-Added = {2008-03-14 10:44:40 -0500},
	Date-Modified = {2008-03-15 16:50:46 -0500},
	Doi = {http://doi.acm.org/10.1145/1159803.1159836},
	Isbn = {1-59593-309-3},
	Location = {Portland, Oregon, USA},
	Pages = {239--250},
	Publisher = {ACM},
	Title = {Extensible programming with first-class cases},
	Url = {http://portal.acm.org/ft_gateway.cfm?id=1159836&type=pdf&coll=Portal&dl=GUIDE&CFID=20176601&CFTOKEN=76965398},
	Year = {2006},
	Bdsk-Url-1 = {http://portal.acm.org/ft_gateway.cfm?id=1159836&type=pdf&coll=Portal&dl=GUIDE&CFID=20176601&CFTOKEN=76965398},
	Bdsk-Url-2 = {http://doi.acm.org/10.1145/1159803.1159836}}

@article{garrigue99,
	Address = {Duluth, MN, USA},
	Author = {Jacques Garrigue and Didier R\'{e}my},
	Date-Added = {2008-03-14 10:43:08 -0500},
	Date-Modified = {2008-03-15 16:52:49 -0500},
	Doi = {http://dx.doi.org/10.1006/inco.1999.2830},
	Issn = {0890-5401},
	Journal = {Inf. Comput.},
	Number = {1-2},
	Pages = {134--169},
	Publisher = {Academic Press, Inc.},
	Title = {Semi-explicit first-class polymorphism for ML},
	Volume = {155},
	Year = {1999},
	Bdsk-Url-1 = {http://dx.doi.org/10.1006/inco.1999.2830}}

@article{yang04,
	Address = {Essex, UK},
	Author = {Zhe Yang},
	Date-Added = {2008-03-14 10:42:58 -0500},
	Date-Modified = {2008-03-15 16:49:59 -0500},
	Doi = {http://dx.doi.org/10.1016/j.tcs.2003.11.017},
	Issn = {0304-3975},
	Journal = {Theor. Comput. Sci.},
	Number = {1},
	Pages = {151--190},
	Publisher = {Elsevier Science Publishers Ltd.},
	Title = {Encoding types in ML-like languages},
	Volume = {315},
	Year = {2004},
	Bdsk-Url-1 = {http://dx.doi.org/10.1016/j.tcs.2003.11.017}}

@inproceedings{swasey06,
	Address = {New York, NY, USA},
	Author = {David Swasey and Tom Murphy, VII and Karl Crary and Robert Harper},
	Booktitle = {ML '06: Proceedings of the 2006 {W}orkshop on {ML}},
	Date-Added = {2008-03-06 09:53:56 -0600},
	Date-Modified = {2008-03-06 21:22:11 -0600},
	Doi = {http://doi.acm.org/10.1145/1159876.1159883},
	Isbn = {1-59593-483-9},
	Location = {Portland, Oregon, USA},
	Pages = {32--42},
	Publisher = {ACM},
	Title = {A separate compilation extension to {S}tandard {ML}},
	Year = {2006},
	Bdsk-Url-1 = {http://doi.acm.org/10.1145/1159876.1159883}}

@book{mthm97,
	Abstract = {Standard ML is a general-purpose programming language designed for large projects. This book provides a formal definition of Standard ML for the benefit of all concerned with the language, including users and implementers. Because computer programs are increasingly required to withstand rigorous analysis, it is all the more important that the language in which they are written be defined with full rigor.<br /> <br /> One purpose of a language definition is to establish a theory of meanings upon which the understanding of particular programs may rest. To properly define a programming language, it is necessary to use some form of notation other than a programming language. Given a concern for rigor, mathematical notation is an obvious choice. The authors have defined their semantic objects in mathematical notation that is completely independent of Standard ML.<br /> <br /> In defining a language one must also define the rules of evaluation precisely--that is, define what meaning results from evaluating any phrase of the language. The definition thus constitutes a formal specification for an implementation. The authors have developed enough of their theory to give sense to their rules of evaluation.<br /> <br /> <I>The Definition of Standard ML</I> is the essential point of reference for Standard ML. Since its publication in 1990, the implementation technology of the language has advanced enormously and the number of users has grown. The revised edition includes a number of new features, omits little-used features, and corrects mistakes of definition.},
	Author = {Milner, Robin and Tofte, Mads and Harper, Robert and MacQueen, David},
	Citeulike-Article-Id = {113339},
	Date-Added = {2008-03-05 11:49:32 -0600},
	Date-Modified = {2008-03-06 21:30:00 -0600},
	Howpublished = {Paperback},
	Isbn = {0262631814},
	Keywords = {standard-ml},
	Month = {May},
	Priority = {0},
	Publisher = {The MIT Press},
	Title = {The Definition of Standard ML - Revised},
	Url = {http://www.amazon.ca/exec/obidos/redirect?tag=citeulike09-20\&amp;path=ASIN/0262631814},
	Year = {1997},
	Bdsk-Url-1 = {http://www.amazon.ca/exec/obidos/redirect?tag=citeulike09-20%5C&amp;path=ASIN/0262631814}}

@inbook{ATTAPL,
	Author = {Robert Harper and Benjamin C. Pierce},
	Bcp = {Yes},
	Chapter = {Design Considerations for ML-Style Module Systems},
	Date-Added = {2008-03-05 11:46:43 -0600},
	Date-Modified = {2009-01-12 15:02:30 -0600},
	Homepage = {http://www.cis.upenn.edu/~bcpierce/attapl},
	Keys = {books},
	Plclub = {Yes},
	Publisher = {MIT Press},
	Title = {Advanced Topics in Types and Programming Languages},
	Year = 2005}

@inproceedings{stone00,
	Address = {New York, NY, USA},
	Author = {Christopher A. Stone and Robert Harper},
	Booktitle = {POPL '00: Proceedings of the 27th ACM SIGPLAN-SIGACT symposium on Principles of programming languages},
	Date-Added = {2008-03-05 11:18:00 -0600},
	Date-Modified = {2008-03-15 16:49:50 -0500},
	Doi = {http://doi.acm.org/10.1145/325694.325724},
	Isbn = {1-58113-125-9},
	Location = {Boston, MA, USA},
	Pages = {214--227},
	Publisher = {ACM},
	Title = {Deciding type equivalence in a language with singleton kinds},
	Url = {http://portal.acm.org/ft_gateway.cfm?id=325724&type=pdf&coll=Portal&dl=GUIDE&CFID=18935669&CFTOKEN=34446889},
	Year = {2000},
	Bdsk-Url-1 = {http://portal.acm.org/ft_gateway.cfm?id=325724&type=pdf&coll=Portal&dl=GUIDE&CFID=18935669&CFTOKEN=34446889},
	Bdsk-Url-2 = {http://doi.acm.org/10.1145/325694.325724}}

@article{stonejournal06,
	Address = {New York, NY, USA},
	Author = {Christopher A. Stone and Robert Harper},
	Date-Added = {2008-03-05 11:17:41 -0600},
	Date-Modified = {2008-03-15 16:51:07 -0500},
	Doi = {http://doi.acm.org/10.1145/1183278.1183281},
	Issn = {1529-3785},
	Journal = {ACM Trans. Comput. Logic},
	Number = {4},
	Pages = {676--722},
	Publisher = {ACM},
	Title = {Extensional equivalence and singleton types},
	Url = {http://portal.acm.org/ft_gateway.cfm?id=1183281&type=pdf&coll=Portal&dl=GUIDE&CFID=18935669&CFTOKEN=34446889},
	Volume = {7},
	Year = {2006},
	Bdsk-Url-1 = {http://portal.acm.org/ft_gateway.cfm?id=1183281&type=pdf&coll=Portal&dl=GUIDE&CFID=18935669&CFTOKEN=34446889},
	Bdsk-Url-2 = {http://doi.acm.org/10.1145/1183278.1183281}}

@phdthesis{stonethesis,
	Address = {Pittsburgh, PA, USA},
	Author = {Christopher Allan Stone},
	Date-Added = {2008-03-05 11:17:20 -0600},
	Date-Modified = {2008-03-15 16:53:17 -0500},
	Isbn = {0-493-11655-9},
	Note = {Chair-Robert Harper},
	Order_No = {AAI3002766},
	Publisher = {Carnegie Mellon University},
	Title = {Singleton kinds and singleton types},
	Year = {2000}}

@inproceedings{mt94,
	Address = {London, UK},
	Author = {David B. MacQueen and Mads Tofte},
	Booktitle = {ESOP '94: Proceedings of the 5th European Symposium on Programming},
	Date-Added = {2008-03-05 10:41:56 -0600},
	Date-Modified = {2008-03-05 11:15:17 -0600},
	Isbn = {3-540-57880-3},
	Pages = {409--423},
	Publisher = {Springer-Verlag},
	Title = {A Semantics for Higher-Order Functors},
	Year = {1994}}

@inproceedings{jones96,
	Address = {New York, NY, USA},
	Author = {Mark P. Jones},
	Booktitle = {POPL '96: Proceedings of the 23rd ACM SIGPLAN-SIGACT symposium on Principles of programming languages},
	Date-Added = {2008-03-05 10:41:06 -0600},
	Date-Modified = {2008-03-15 16:48:24 -0500},
	Doi = {http://doi.acm.org/10.1145/237721.237731},
	Isbn = {0-89791-769-3},
	Location = {St. Petersburg Beach, Florida, United States},
	Pages = {68--78},
	Publisher = {ACM},
	Title = {Using parameterized signatures to express modular structure},
	Url = {http://portal.acm.org/ft_gateway.cfm?id=237731&type=pdf&coll=Portal&dl=GUIDE&CFID=18935669&CFTOKEN=34446889},
	Year = {1996},
	Bdsk-Url-1 = {http://portal.acm.org/ft_gateway.cfm?id=237731&type=pdf&coll=Portal&dl=GUIDE&CFID=18935669&CFTOKEN=34446889},
	Bdsk-Url-2 = {http://doi.acm.org/10.1145/237721.237731}}

@inproceedings{aponte93,
	Address = {New York, NY, USA},
	Author = {Maria Virginia Aponte},
	Booktitle = {POPL '93: Proceedings of the 20th ACM SIGPLAN-SIGACT symposium on Principles of programming languages},
	Date-Added = {2008-03-05 10:40:20 -0600},
	Date-Modified = {2008-03-05 11:34:25 -0600},
	Doi = {http://doi.acm.org/10.1145/158511.158704},
	Isbn = {0-89791-560-7},
	Location = {Charleston, South Carolina, United States},
	Pages = {465--478},
	Publisher = {ACM},
	Title = {Extending record typing to type parametric modules with sharing},
	Url = {http://portal.acm.org/ft_gateway.cfm?id=158704&type=pdf&coll=Portal&dl=GUIDE&CFID=18935669&CFTOKEN=34446889},
	Year = {1993},
	Bdsk-Url-1 = {http://portal.acm.org/ft_gateway.cfm?id=158704&type=pdf&coll=Portal&dl=GUIDE&CFID=18935669&CFTOKEN=34446889},
	Bdsk-Url-2 = {http://doi.acm.org/10.1145/158511.158704}}

@inproceedings{dhc03,
	Address = {New York, NY, USA},
	Author = {Derek Dreyer and Karl Crary and Robert Harper},
	Booktitle = {POPL '03: Proceedings of the 30th ACM SIGPLAN-SIGACT symposium on Principles of programming languages},
	Date-Added = {2008-03-05 10:38:06 -0600},
	Date-Modified = {2008-03-05 11:09:33 -0600},
	Doi = {http://doi.acm.org/10.1145/604131.604151},
	Isbn = {1-58113-628-5},
	Location = {New Orleans, Louisiana, USA},
	Pages = {236--249},
	Publisher = {ACM},
	Title = {A type system for higher-order modules},
	Year = {2003},
	Bdsk-Url-1 = {http://doi.acm.org/10.1145/604131.604151}}

@inproceedings{dreyer07,
	Address = {New York, NY, USA},
	Author = {Derek Dreyer},
	Booktitle = {ICFP '07: Proceedings of the 2007 ACM SIGPLAN international conference on Functional programming},
	Date-Added = {2008-03-05 10:38:06 -0600},
	Date-Modified = {2008-03-05 11:09:44 -0600},
	Doi = {http://doi.acm.org/10.1145/1291151.1291196},
	Isbn = {978-1-59593-815-2},
	Location = {Freiburg, Germany},
	Pages = {289--302},
	Publisher = {ACM},
	Title = {A type system for recursive modules},
	Year = {2007},
	Bdsk-Url-1 = {http://doi.acm.org/10.1145/1291151.1291196}}

@inproceedings{crary99,
	Address = {New York, NY, USA},
	Author = {Karl Crary and Robert Harper and Sidd Puri},
	Booktitle = {PLDI '99: Proceedings of the ACM SIGPLAN 1999 conference on Programming language design and implementation},
	Date-Added = {2008-03-05 10:38:06 -0600},
	Date-Modified = {2008-03-15 16:48:45 -0500},
	Doi = {http://doi.acm.org/10.1145/301618.301641},
	Isbn = {1-58113-094-5},
	Location = {Atlanta, Georgia, United States},
	Pages = {50--63},
	Publisher = {ACM},
	Title = {What is a recursive module?},
	Year = {1999},
	Bdsk-Url-1 = {http://doi.acm.org/10.1145/301618.301641}}

@inproceedings{dreyer04,
	Address = {New York, NY, USA},
	Author = {Derek Dreyer},
	Booktitle = {POPL '04: Proceedings of the 31st ACM SIGPLAN-SIGACT symposium on Principles of programming languages},
	Date-Added = {2008-03-05 10:38:06 -0600},
	Date-Modified = {2008-03-05 11:09:51 -0600},
	Doi = {http://doi.acm.org/10.1145/964001.964026},
	Isbn = {1-58113-729-X},
	Location = {Venice, Italy},
	Pages = {293--305},
	Publisher = {ACM},
	Title = {A type system for well-founded recursion},
	Year = {2004},
	Bdsk-Url-1 = {http://doi.acm.org/10.1145/964001.964026}}

@inproceedings{elsman99,
	Address = {New York, NY, USA},
	Author = {Martin Elsman},
	Booktitle = {ICFP '99: Proceedings of the fourth ACM SIGPLAN international conference on Functional programming},
	Date-Added = {2008-03-05 10:38:06 -0600},
	Date-Modified = {2008-03-15 16:53:29 -0500},
	Doi = {http://doi.acm.org/10.1145/317636.317800},
	Isbn = {1-58113-111-9},
	Location = {Paris, France},
	Pages = {208--219},
	Publisher = {ACM},
	Title = {Static interpretation of modules},
	Year = {1999},
	Bdsk-Url-1 = {http://doi.acm.org/10.1145/317636.317800}}

@inproceedings{dreyer05,
	Address = {New York, NY, USA},
	Author = {Derek Dreyer},
	Booktitle = {ICFP '05: Proceedings of the tenth ACM SIGPLAN international conference on Functional programming},
	Date-Added = {2008-03-05 10:38:06 -0600},
	Date-Modified = {2008-03-05 11:10:18 -0600},
	Doi = {http://doi.acm.org/10.1145/1086365.1086372},
	Isbn = {1-59593-064-7},
	Location = {Tallinn, Estonia},
	Pages = {41--53},
	Publisher = {ACM},
	Title = {Recursive type generativity},
	Year = {2005},
	Bdsk-Url-1 = {http://doi.acm.org/10.1145/1086365.1086372}}

@article{leroy00,
	Address = {New York, NY, USA},
	Author = {Xavier Leroy},
	Date-Added = {2008-03-05 10:38:06 -0600},
	Date-Modified = {2008-03-05 11:40:11 -0600},
	Doi = {http://dx.doi.org/10.1017/S0956796800003683},
	Issn = {0956-7968},
	Journal = {J. Funct. Program.},
	Number = {3},
	Pages = {269--303},
	Publisher = {Cambridge University Press},
	Title = {A modular module system},
	Volume = {10},
	Year = {2000},
	Bdsk-Url-1 = {http://dx.doi.org/10.1017/S0956796800003683}}

@inproceedings{ramsey05,
	Address = {New York, NY, USA},
	Author = {Norman Ramsey and Kathleen Fisher and Paul Govereau},
	Booktitle = {ICFP '05: Proceedings of the tenth ACM SIGPLAN international conference on Functional programming},
	Date-Added = {2008-03-05 10:38:06 -0600},
	Date-Modified = {2008-03-15 16:49:19 -0500},
	Doi = {http://doi.acm.org/10.1145/1086365.1086371},
	Isbn = {1-59593-064-7},
	Location = {Tallinn, Estonia},
	Pages = {27--40},
	Publisher = {ACM},
	Title = {An expressive language of signatures},
	Year = {2005},
	Bdsk-Url-1 = {http://doi.acm.org/10.1145/1086365.1086371}}

@article{blume99,
	Address = {New York, NY, USA},
	Author = {Matthias Blume and Andrew W. Appel},
	Date-Added = {2008-03-05 10:38:06 -0600},
	Date-Modified = {2008-03-15 16:52:03 -0500},
	Doi = {http://doi.acm.org/10.1145/325478.325518},
	Issn = {0164-0925},
	Journal = {ACM Trans. Program. Lang. Syst.},
	Number = {4},
	Pages = {813--847},
	Publisher = {ACM},
	Title = {Hierarchical modularity},
	Volume = {21},
	Year = {1999},
	Bdsk-Url-1 = {http://doi.acm.org/10.1145/325478.325518}}

@inproceedings{blume97,
	Address = {New York, NY, USA},
	Author = {Matthias Blume and Andrew W. Appel},
	Booktitle = {ICFP '97: Proceedings of the second ACM SIGPLAN international conference on Functional programming},
	Date-Added = {2008-03-05 10:38:06 -0600},
	Date-Modified = {2008-03-15 16:46:17 -0500},
	Doi = {http://doi.acm.org/10.1145/258948.258960},
	Isbn = {0-89791-918-1},
	Location = {Amsterdam, The Netherlands},
	Pages = {112--124},
	Publisher = {ACM},
	Title = {Lambda-splitting: a higher-order approach to cross-module optimizations},
	Year = {1997},
	Bdsk-Url-1 = {http://doi.acm.org/10.1145/258948.258960}}

@inproceedings{dhck07,
	Address = {New York, NY, USA},
	Author = {Derek Dreyer and Robert Harper and Manuel M. T. Chakravarty and Gabriele Keller},
	Booktitle = {POPL '07: Proceedings of the 34th annual ACM SIGPLAN-SIGACT symposium on Principles of programming languages},
	Date-Added = {2008-03-05 10:38:06 -0600},
	Date-Modified = {2008-03-05 11:10:09 -0600},
	Doi = {http://doi.acm.org/10.1145/1190216.1190229},
	Isbn = {1-59593-575-4},
	Location = {Nice, France},
	Pages = {63--70},
	Publisher = {ACM},
	Title = {Modular type classes},
	Year = {2007},
	Bdsk-Url-1 = {http://doi.acm.org/10.1145/1190216.1190229}}

@inproceedings{strnisa07,
	Address = {New York, NY, USA},
	Author = {Rok Strni\v{s}a and Peter Sewell and Matthew Parkinson},
	Booktitle = {OOPSLA '07: Proceedings of the 22nd annual ACM SIGPLAN conference on Object oriented programming systems and applications},
	Date-Added = {2008-03-05 10:38:06 -0600},
	Date-Modified = {2008-03-15 16:53:55 -0500},
	Doi = {http://doi.acm.org/10.1145/1297027.1297064},
	Isbn = {978-1-59593-786-5},
	Location = {Montreal, Quebec, Canada},
	Pages = {499--514},
	Publisher = {ACM},
	Title = {The java module system: core design and semantic definition},
	Year = {2007},
	Bdsk-Url-1 = {http://doi.acm.org/10.1145/1297027.1297064}}

@inproceedings{diatchki02,
	Address = {New York, NY, USA},
	Author = {Iavor S. Diatchki and Mark P. Jones and Thomas Hallgren},
	Booktitle = {Haskell '02: Proceedings of the 2002 ACM SIGPLAN workshop on Haskell},
	Date-Added = {2008-03-05 10:38:06 -0600},
	Date-Modified = {2008-03-15 16:50:17 -0500},
	Doi = {http://doi.acm.org/10.1145/581690.581692},
	Isbn = {1-58113-605-6},
	Location = {Pittsburgh, Pennsylvania},
	Pages = {17--28},
	Publisher = {ACM},
	Title = {A formal specification of the Haskell 98 module system},
	Year = {2002},
	Bdsk-Url-1 = {http://doi.acm.org/10.1145/581690.581692}}

@article{parnas72,
	Address = {New York, NY, USA},
	Author = {D. L. Parnas},
	Date-Added = {2008-03-05 10:38:06 -0600},
	Date-Modified = {2008-03-15 16:47:20 -0500},
	Doi = {http://doi.acm.org/10.1145/361598.361623},
	Issn = {0001-0782},
	Journal = {Commun. ACM},
	Number = {12},
	Pages = {1053--1058},
	Publisher = {ACM},
	Title = {On the criteria to be used in decomposing systems into modules},
	Volume = {15},
	Year = {1972},
	Bdsk-Url-1 = {http://doi.acm.org/10.1145/361598.361623}}

@inproceedings{nakata06,
	Address = {New York, NY, USA},
	Author = {Keiko Nakata and Jacques Garrigue},
	Booktitle = {ICFP '06: Proceedings of the eleventh ACM SIGPLAN international conference on Functional programming},
	Date-Added = {2008-03-05 10:38:06 -0600},
	Date-Modified = {2008-03-15 16:52:37 -0500},
	Doi = {http://doi.acm.org/10.1145/1159803.1159813},
	Isbn = {1-59593-309-3},
	Location = {Portland, Oregon, USA},
	Pages = {74--86},
	Publisher = {ACM},
	Title = {Recursive modules for programming},
	Year = {2006},
	Bdsk-Url-1 = {http://doi.acm.org/10.1145/1159803.1159813}}

@inproceedings{damiani03,
	Address = {New York, NY, USA},
	Author = {Ferruccio Damiani},
	Booktitle = {PPDP '03: Proceedings of the 5th ACM SIGPLAN international conference on Principles and practice of declaritive programming},
	Date-Added = {2008-03-05 10:38:06 -0600},
	Date-Modified = {2008-03-15 16:52:26 -0500},
	Doi = {http://doi.acm.org/10.1145/888251.888259},
	Isbn = {1-58113-705-2},
	Location = {Uppsala, Sweden},
	Pages = {67--78},
	Publisher = {ACM},
	Title = {Rank 2 intersection types for modules},
	Year = {2003},
	Bdsk-Url-1 = {http://doi.acm.org/10.1145/888251.888259}}

@inproceedings{lillibridge94,
	Address = {New York, NY, USA},
	Author = {Robert Harper and Mark Lillibridge},
	Booktitle = {POPL '94: Proceedings of the 21st ACM SIGPLAN-SIGACT symposium on Principles of programming languages},
	Date-Added = {2008-03-05 10:38:06 -0600},
	Date-Modified = {2008-03-05 10:50:57 -0600},
	Doi = {http://doi.acm.org/10.1145/174675.176927},
	Isbn = {0-89791-636-0},
	Location = {Portland, Oregon, United States},
	Pages = {123--137},
	Publisher = {ACM},
	Title = {A type-theoretic approach to higher-order modules with sharing},
	Year = {1994},
	Bdsk-Url-1 = {http://doi.acm.org/10.1145/174675.176927}}

@inproceedings{leroy94,
	Address = {New York, NY, USA},
	Author = {Xavier Leroy},
	Booktitle = {POPL '94: Proceedings of the 21st ACM SIGPLAN-SIGACT symposium on Principles of programming languages},
	Date-Added = {2008-03-05 10:38:06 -0600},
	Date-Modified = {2008-03-15 16:52:13 -0500},
	Doi = {http://doi.acm.org/10.1145/174675.176926},
	Isbn = {0-89791-636-0},
	Location = {Portland, Oregon, United States},
	Pages = {109--122},
	Publisher = {ACM},
	Title = {Manifest types, modules, and separate compilation},
	Year = {1994},
	Bdsk-Url-1 = {http://doi.acm.org/10.1145/174675.176926}}

@inproceedings{duggan96,
	Address = {New York, NY, USA},
	Author = {Dominic Duggan and Constantinos Sourelis},
	Booktitle = {ICFP '96: Proceedings of the first ACM SIGPLAN international conference on Functional programming},
	Date-Added = {2008-03-05 10:38:06 -0600},
	Date-Modified = {2008-03-15 16:46:41 -0500},
	Doi = {http://doi.acm.org/10.1145/232627.232654},
	Isbn = {0-89791-770-7},
	Location = {Philadelphia, Pennsylvania, United States},
	Pages = {262--273},
	Publisher = {ACM},
	Title = {Mixin modules},
	Year = {1996},
	Bdsk-Url-1 = {http://doi.acm.org/10.1145/232627.232654}}

@inproceedings{shao99,
	Address = {New York, NY, USA},
	Author = {Zhong Shao},
	Booktitle = {ICFP '99: Proceedings of the fourth ACM SIGPLAN international conference on Functional programming},
	Date-Added = {2008-03-05 10:38:06 -0600},
	Date-Modified = {2008-03-15 16:54:17 -0500},
	Doi = {http://doi.acm.org/10.1145/317636.317801},
	Isbn = {1-58113-111-9},
	Location = {Paris, France},
	Pages = {220--232},
	Publisher = {ACM},
	Title = {Transparent modules with fully syntactic signatures},
	Year = {1999},
	Bdsk-Url-1 = {http://doi.acm.org/10.1145/317636.317801}}

@inproceedings{ff98,
	Address = {New York, NY, USA},
	Author = {Matthew Flatt and Matthias Felleisen},
	Booktitle = {PLDI '98: Proceedings of the ACM SIGPLAN 1998 conference on Programming language design and implementation},
	Date-Added = {2008-03-05 10:38:06 -0600},
	Date-Modified = {2009-01-05 11:30:15 -0800},
	Doi = {http://doi.acm.org/10.1145/277650.277730},
	Isbn = {0-89791-987-4},
	Location = {Montreal, Quebec, Canada},
	Pages = {236--248},
	Publisher = {ACM},
	Title = {Units: cool modules for {HOT} languages},
	Year = {1998},
	Bdsk-Url-1 = {http://doi.acm.org/10.1145/277650.277730}}

@inproceedings{leroy95,
	Address = {New York, NY, USA},
	Author = {Xavier Leroy},
	Booktitle = {POPL '95: Proceedings of the 22nd ACM SIGPLAN-SIGACT symposium on Principles of programming languages},
	Date-Added = {2008-03-05 10:38:06 -0600},
	Date-Modified = {2008-03-15 16:49:35 -0500},
	Doi = {http://doi.acm.org/10.1145/199448.199476},
	Isbn = {0-89791-692-1},
	Location = {San Francisco, California, United States},
	Pages = {142--153},
	Publisher = {ACM},
	Title = {Applicative functors and fully transparent higher-order modules},
	Year = {1995},
	Bdsk-Url-1 = {http://doi.acm.org/10.1145/199448.199476}}

@inproceedings{owensflatt06,
	Address = {New York, NY, USA},
	Author = {Scott Owens and Matthew Flatt},
	Booktitle = {ICFP '06: Proceedings of the eleventh ACM SIGPLAN international conference on Functional programming},
	Date-Added = {2008-03-05 10:38:06 -0600},
	Date-Modified = {2008-03-15 16:51:32 -0500},
	Doi = {http://doi.acm.org/10.1145/1159803.1159815},
	Isbn = {1-59593-309-3},
	Location = {Portland, Oregon, USA},
	Pages = {87--98},
	Publisher = {ACM},
	Title = {From structures and functors to modules and units},
	Year = {2006},
	Bdsk-Url-1 = {http://doi.acm.org/10.1145/1159803.1159815}}

@inproceedings{russo01,
	Address = {New York, NY, USA},
	Author = {Claudio V. Russo},
	Booktitle = {ICFP~'01: Proceedings of the sixth ACM SIGPLAN international conference on Functional programming},
	Date-Added = {2008-03-05 10:38:06 -0600},
	Date-Modified = {2008-03-06 21:25:01 -0600},
	Doi = {http://doi.acm.org/10.1145/507635.507644},
	Isbn = {1-58113-415-0},
	Location = {Florence, Italy},
	Pages = {50--61},
	Publisher = {ACM},
	Title = {Recursive structures for {S}tandard {ML}},
	Year = {2001},
	Bdsk-Url-1 = {http://doi.acm.org/10.1145/507635.507644}}

@article{hirsch05,
	Address = {New York, NY, USA},
	Author = {Tom Hirschowitz and Xavier Leroy},
	Date-Added = {2008-03-05 10:38:06 -0600},
	Date-Modified = {2008-03-15 16:46:53 -0500},
	Doi = {http://doi.acm.org/10.1145/1086642.1086644},
	Issn = {0164-0925},
	Journal = {ACM Trans. Program. Lang. Syst.},
	Number = {5},
	Pages = {857--881},
	Publisher = {ACM},
	Title = {Mixin modules in a call-by-value setting},
	Volume = {27},
	Year = {2005},
	Bdsk-Url-1 = {http://doi.acm.org/10.1145/1086642.1086644}}

@inproceedings{rossberg06,
	Address = {New York, NY, USA},
	Author = {Andreas Rossberg},
	Booktitle = {ICFP '06: Proceedings of the eleventh ACM SIGPLAN international conference on Functional programming},
	Date-Added = {2008-03-05 10:38:06 -0600},
	Date-Modified = {2008-03-15 16:54:05 -0500},
	Doi = {http://doi.acm.org/10.1145/1159803.1159816},
	Isbn = {1-59593-309-3},
	Location = {Portland, Oregon, USA},
	Pages = {99--110},
	Publisher = {ACM},
	Title = {The missing link: dynamic components for ML},
	Year = {2006},
	Bdsk-Url-1 = {http://doi.acm.org/10.1145/1159803.1159816}}

@inproceedings{tofte92,
	Address = {New York, NY, USA},
	Author = {Mads Tofte},
	Booktitle = {POPL '92: Proceedings of the 19th ACM SIGPLAN-SIGACT symposium on Principles of programming languages},
	Date-Added = {2008-03-05 10:38:06 -0600},
	Date-Modified = {2008-03-15 16:47:34 -0500},
	Doi = {http://doi.acm.org/10.1145/143165.143206},
	Isbn = {0-89791-453-8},
	Location = {Albuquerque, New Mexico, United States},
	Pages = {189--199},
	Publisher = {ACM},
	Title = {Principal signatures for higher-order program modules},
	Year = {1992},
	Bdsk-Url-1 = {http://doi.acm.org/10.1145/143165.143206}}

@inproceedings{biswas95,
	Address = {New York, NY, USA},
	Author = {Sandip K. Biswas},
	Booktitle = {POPL '95: Proceedings of the 22nd ACM SIGPLAN-SIGACT symposium on Principles of programming languages},
	Date-Added = {2008-03-05 10:38:06 -0600},
	Date-Modified = {2008-03-15 16:46:02 -0500},
	Doi = {http://doi.acm.org/10.1145/199448.199478},
	Isbn = {0-89791-692-1},
	Location = {San Francisco, California, United States},
	Pages = {154--163},
	Publisher = {ACM},
	Title = {Higher-order functors with transparent signatures},
	Year = {1995},
	Bdsk-Url-1 = {http://doi.acm.org/10.1145/199448.199478}}

@inproceedings{shao98,
	Address = {New York, NY, USA},
	Author = {Zhong Shao},
	Booktitle = {ICFP '98: Proceedings of the third ACM SIGPLAN international conference on Functional programming},
	Date-Added = {2008-03-05 10:38:06 -0600},
	Date-Modified = {2008-03-15 16:47:51 -0500},
	Doi = {http://doi.acm.org/10.1145/289423.289436},
	Isbn = {1-58113-024-4},
	Location = {Baltimore, Maryland, United States},
	Pages = {141--152},
	Publisher = {ACM},
	Title = {Typed cross-module compilation},
	Year = {1998},
	Bdsk-Url-1 = {http://doi.acm.org/10.1145/289423.289436}}

@inproceedings{courant,
	Address = {London, UK},
	Author = {Courant, Judica\"{e}l},
	Booktitle = {TAPSOFT '97: Proceedings of the 7th International Joint Conference CAAP/FASE on Theory and Practice of Software Development},
	Isbn = {3-540-62781-2},
	Pages = {622--636},
	Publisher = {Springer-Verlag},
	Title = {An Applicative Module Calculus},
	Year = {1997}}

@techreport{gilmore97dynamic,
	Author = {Stephen Gilmore and Dilsun Kirli and Chris Walton},
	Institution = {University of Edinburgh},
	Month = dec,
	Number = {ECS-LFCS-97-378},
	Title = {Dynamic {ML} without Dynamic Types},
	Url = {http://citeseer.ist.psu.edu/gilmore97dynamic.html},
	Year = {1997},
	Bdsk-Url-1 = {http://citeseer.ist.psu.edu/gilmore97dynamic.html}}

@techreport{shao:parameterizedsigsandho,
	Author = {Zhong Shao},
	Institution = {Yale University},
	Month = Aug,
	Number = {YALEU/DCS/TR-1161},
	Title = {Parameterized Signatures and Higher-Order Modules},
	Year = {1998}}

@inproceedings{tldi2010,
	Address = {New York, NY, USA},
	Author = {Rossberg, Andreas and Russo, Claudio V. and Dreyer, Derek},
	Booktitle = {TLDI '10: Proceedings of the 5th ACM SIGPLAN workshop on Types in language design and implementation},
	Doi = {http://doi.acm.org/10.1145/1708016.1708028},
	Isbn = {978-1-60558-891-9},
	Location = {Madrid, Spain},
	Pages = {89--102},
	Publisher = {ACM},
	Title = {F-ing modules},
	Year = {2010},
	Bdsk-Url-1 = {http://doi.acm.org/10.1145/1708016.1708028}}

@article{crary:pldi99,
	Address = {New York, NY, USA},
	Author = {Crary, Karl and Harper, Robert and Puri, Sidd},
	Doi = {http://doi.acm.org/10.1145/301631.301641},
	Issn = {0362-1340},
	Journal = {SIGPLAN Not.},
	Number = {5},
	Pages = {50--63},
	Publisher = {ACM},
	Title = {What is a recursive module?},
	Volume = {34},
	Year = {1999},
	Bdsk-Url-1 = {http://doi.acm.org/10.1145/301631.301641}}
